@ARTICLE{Cohn96,
    author = {David A. Cohn and Zoubin Ghahramani and Michael I. Jordan},
    title = {Active Learning with Statistical Models},
    journal = {Journal of Artificial Intelligence Research},
    year = {1996},
    volume = {4},
    pages = {129--145}
}

@book{box1987,
  title={Empirical model-building and response surfaces.},
  author={Box, George EP and Draper, Norman R},
  year={1987},
  publisher={John Wiley \& Sons}
}

@book{whitehead1991study,
  title={A study of cooperative mechanisms for faster reinforcement learning},
  author={Whitehead, Steven D and Ballard, Dana H},
  year={1991},
  publisher={University of Rochester, Department of Computer Science Rochester, NY}
}

@inproceedings{linden1993implementing,
  title={Implementing inner drive through competence reflection},
  author={Linden, Alexander and Weber, Frank},
  booktitle={Proceedings of the second international conference on From animals to animats},
  volume={2},
  pages={321--326},
  year={1993}
}

@inproceedings{thrun1991active,
  title={Active exploration in dynamic environments},
  author={Thrun, Sebastian and M{\"o}ller, Knut},
  booktitle={Advances in neural information processing systems},
  pages={531--538},
  year={1991}
}

@article{cohn1994improving,
  title={Improving generalization with active learning},
  author={Cohn, David and Atlas, Les and Ladner, Richard},
  journal={Machine learning},
  volume={15},
  number={2},
  pages={201--221},
  year={1994},
  publisher={Springer}
}

@inproceedings{storck1995reinforcement,
  title={Reinforcement driven information acquisition in non-deterministic environments},
  author={Storck, Jan and Hochreiter, Sepp and Schmidhuber, J{\"u}rgen},
  booktitle={Proceedings of the International Conference on Artificial Neural Networks, Paris},
  volume={2},
  pages={159--164},
  year={1995},
  organization={Citeseer}
}

@article{mackay1992information,
  title={Information-based objective functions for active data selection},
  author={MacKay, David JC},
  journal={Neural computation},
  volume={4},
  number={4},
  pages={590--604},
  year={1992},
  publisher={MIT Press}
}

@article{geman1992neural,
  title={Neural networks and the bias/variance dilemma},
  author={Geman, Stuart and Bienenstock, Elie and Doursat, Ren{\'e}},
  journal={Neural computation},
  volume={4},
  number={1},
  pages={1--58},
  year={1992},
  publisher={MIT Press}
}

@article{dempster1977maximum,
  title={Maximum likelihood from incomplete data via the EM algorithm},
  author={Dempster, Arthur P and Laird, Nan M and Rubin, Donald B and others},
  journal={Journal of the Royal statistical Society},
  volume={39},
  number={1},
  pages={1--38},
  year={1977},
  publisher={Series B}
}

@article{cleveland1988locally,
  title={Locally weighted regression: an approach to regression analysis by local fitting},
  author={Cleveland, William S and Devlin, Susan J},
  journal={Journal of the American Statistical Association},
  volume={83},
  number={403},
  pages={596--610},
  year={1988},
  publisher={Taylor \& Francis Group}
}

@article{cohn2003semi,
  title={Semi-supervised clustering with user feedback},
  author={Cohn, David and Caruana, Rich and McCallum, Andrew},
  journal={Constrained Clustering: Advances in Algorithms, Theory, and Applications},
  volume={4},
  number={1},
  pages={17--32},
  year={2003}
}

@article{tuia2009active,
  title={Active learning methods for remote sensing image classification},
  author={Tuia, Devis and Ratle, Fr{\'e}d{\'e}ric and Pacifici, Fabio and Kanevski, Mikhail F and Emery, William J},
  journal={Geoscience and Remote Sensing, IEEE Transactions on},
  volume={47},
  number={7},
  pages={2218--2232},
  year={2009},
  publisher={IEEE}
}