@article{001,
  title={Contour detection and hierarchical image segmentation},
  author={Arbelaez, Pablo and Maire, Michael and Fowlkes, Charless and Malik, Jitendra},
  journal={Pattern Analysis and Machine Intelligence, IEEE Transactions on},
  volume={33},
  number={5},
  pages={898--916},
  year={2011},
  publisher={IEEE}
}

@book{002,
  title={Variational analysis in Sobolev and BV spaces: applications to PDEs and optimization},
  author={Attouch, Hedy},
  volume={6},
  year={2006},
  publisher={Siam}
}

@inproceedings{003,
  title={A geodesic framework for fast interactive image and video segmentation and matting},
  author={Bai, Xue and Sapiro, Guillermo},
  booktitle={Computer Vision, 2007. ICCV 2007. IEEE 11th International Conference on},
  pages={1--8},
  year={2007},
  organization={IEEE}
}

@article{004,
  title={Graph cuts and efficient ND image segmentation},
  author={Boykov, Yuri and Funka-Lea, Gareth},
  journal={International Journal of Computer Vision},
  volume={70},
  number={2},
  pages={109--131},
  year={2006},
  publisher={Springer}
}

@inproceedings{005,
  title={Video object segmentation by tracking regions},
  author={Brendel, William and Todorovic, Sinisa},
  booktitle={Computer Vision, 2009 IEEE 12th International Conference on},
  pages={833--840},
  year={2009},
  organization={IEEE}
}

@phdthesis{006,
  title={From pixels to regions: partial differential equations in image analysis},
  author={Brox, Thomas},
  year={2005}
}

@incollection{007,
  title={Object segmentation by long term analysis of point trajectories},
  author={Brox, Thomas and Malik, Jitendra},
  booktitle={Computer Vision--ECCV 2010},
  pages={282--295},
  year={2010},
  publisher={Springer}
}

@article{008,
  title={Algorithms for finding global minimizers of image segmentation and denoising models},
  author={Chan, Tony F and Esedoglu, Selim and Nikolova, Mila},
  journal={SIAM Journal on Applied Mathematics},
  volume={66},
  number={5},
  pages={1632--1648},
  year={2006},
  publisher={SIAM}
}

@inproceedings{009,
  title={Efficient projections onto the l 1-ball for learning in high dimensions},
  author={Duchi, John and Shalev-Shwartz, Shai and Singer, Yoram and Chandra, Tushar},
  booktitle={Proceedings of the 25th international conference on Machine learning},
  pages={272--279},
  year={2008},
  organization={ACM}
}

@techreport{010,
  title={Distance transforms of sampled functions},
  author={Felzenszwalb, Pedro and Huttenlocher, Daniel},
  year={2004},
  institution={Cornell University}
}

@article{011,
  title={Image compression with anisotropic diffusion},
  author={Gali{\'c}, Irena and Weickert, Joachim and Welk, Martin and Bruhn, Andr{\'e}s and Belyaev, Alexander and Seidel, Hans-Peter},
  journal={Journal of Mathematical Imaging and Vision},
  volume={31},
  number={2-3},
  pages={255--269},
  year={2008},
  publisher={Springer}
}

@article{012,
  title={Random walks for image segmentation},
  author={Grady, Leo},
  journal={Pattern Analysis and Machine Intelligence, IEEE Transactions on},
  volume={28},
  number={11},
  pages={1768--1783},
  year={2006},
  publisher={IEEE}
}

@inproceedings{013,
  title={Efficient hierarchical graph-based video segmentation},
  author={Grundmann, Matthias and Kwatra, Vivek and Han, Mei and Essa, Irfan},
  booktitle={Computer Vision and Pattern Recognition (CVPR), 2010 IEEE Conference on},
  pages={2141--2148},
  year={2010},
  organization={IEEE}
}

@inproceedings{014,
  title={Convex optimization for multi-class image labeling with a novel family of total variation based regularizers},
  author={Lellmann, Jan and Becker, Florian and Schnorr, C},
  booktitle={Computer Vision, 2009 IEEE 12th International Conference on},
  pages={646--653},
  year={2009},
  organization={IEEE}
}

@inproceedings{015,
  title={Track to the future: Spatio-temporal video segmentation with long-range motion cues},
  author={Lezama, Jos{\'e} and Alahari, Karteek and Sivic, Josef and Laptev, Ivan},
  booktitle={Computer Vision and Pattern Recognition (CVPR), 2011 IEEE Conference on},
  pages={3369--3376},
  year={2011},
  organization={IEEE}
}

@incollection{016,
  title={Interactive motion segmentation},
  author={Nieuwenhuis, Claudia and Berkels, Benjamin and Rumpf, Martin and Cremers, Daniel},
  booktitle={Pattern Recognition},
  pages={483--492},
  year={2010},
  publisher={Springer}
}

@article{017,
  title={Visual parsing after recovery from blindness},
  author={Ostrovsky, Yuri and Meyers, Ethan and Ganesh, Suma and Mathur, Umang and Sinha, Pawan},
  journal={Psychological Science},
  volume={20},
  number={12},
  pages={1484--1491},
  year={2009},
  publisher={SAGE Publications}
}

@inproceedings{018,
  title={A convex relaxation approach for computing minimal partitions},
  author={Pock, Thomas and Chambolle, Antonin and Cremers, Daniel and Bischof, Horst},
  booktitle={Computer Vision and Pattern Recognition, 2009. CVPR 2009. IEEE Conference on},
  pages={810--817},
  year={2009},
  organization={IEEE}
}

@inproceedings{019,
  title={Livecut: Learning-based interactive video segmentation by evaluation of multiple propagated cues},
  author={Price, Brian L and Morse, Bryan S and Cohen, Scott},
  booktitle={Computer Vision, 2009 IEEE 12th International Conference on},
  pages={779--786},
  year={2009},
  organization={IEEE}
}

@inproceedings{020,
  title={Background subtraction for freely moving cameras},
  author={Sheikh, Yaser and Javed, Omar and Kanade, Takeo},
  booktitle={Computer Vision, 2009 IEEE 12th International Conference on},
  pages={1219--1225},
  year={2009},
  organization={IEEE}
}

@inproceedings{021,
  title={A seeded image segmentation framework unifying graph cuts and random walkter which yields a new algorithm},
  author={Sinop, A and Grady, L},
  booktitle={ICCV},
  year={2007}
}

@article{022,
  title={Principles of object perception},
  author={Spelke, Elizabeth S},
  journal={Cognitive science},
  volume={14},
  number={1},
  pages={29--56},
  year={1990},
  publisher={Elsevier}
}

@inproceedings{023,
  title={TVSeg-Interactive Total Variation Based Image Segmentation.},
  author={Unger, Markus and Pock, Thomas and Trobin, Werner and Cremers, Daniel and Bischof, Horst},
  booktitle={BMVC},
  pages={1--10},
  year={2008},
  organization={Citeseer}
}

@incollection{024,
  title={Multiple hypothesis video segmentation from superpixel flows},
  author={Vazquez-Reina, Amelio and Avidan, Shai and Pfister, Hanspeter and Miller, Eric},
  booktitle={Computer Vision--ECCV 2010},
  pages={268--281},
  year={2010},
  publisher={Springer}
}

@article{a001,
  title={Large displacement optical flow: descriptor matching in variational motion estimation},
  author={Brox, Thomas and Malik, Jitendra},
  journal={Pattern Analysis and Machine Intelligence, IEEE Transactions on},
  volume={33},
  number={3},
  pages={500--513},
  year={2011},
  publisher={IEEE}
}

@incollection{a002,
  title={Dense point trajectories by GPU-accelerated large displacement optical flow},
  author={Sundaram, Narayanan and Brox, Thomas and Keutzer, Kurt},
  booktitle={Computer Vision--ECCV 2010},
  pages={438--451},
  year={2010},
  publisher={Springer}
}